@article{krugman1998,
    author =       "Krugman, Paul",
    title =        "Space: The Final Frontier",
    journal =      "Journal of Economic Perspectives",
    volume =       "12",
    number =       "2",
    pages =        "161--174",
    year =         "1998",
    DOI =          "10.1257/jep.12.2.161"
}
 
@book{smith1776,
    author    = "Smith, Adam",
    title     = "An Inquiry into the Nature and Causes of the Wealth of Nations",
    year      = "1776",
    publisher = "W. Straran and T. Cadeli",
    address   = "London"
}